<?xml version="1.0" encoding="UTF-8"?><record xmlns="http://www.loc.gov/MARC21/slim" xmlns:cinclude="http://apache.org/cocoon/include/1.0" xmlns:zs="http://www.loc.gov/zing/srw/">
  <leader>00717nz  a2200157n  4500</leader>
  <controlfield tag="001">no2009138992</controlfield>
  <controlfield tag="003">DLC</controlfield>
  <controlfield tag="005">20090904075412.0</controlfield>
  <controlfield tag="008">090902n| acannaabn          |n aaa     c</controlfield>
  <datafield tag="010" ind1=" " ind2=" ">
    <subfield code="a">no2009138992</subfield>
  </datafield>
  <datafield tag="035" ind1=" " ind2=" ">
    <subfield code="a">(OCoLC)oca08226537</subfield>
  </datafield>
  <datafield tag="040" ind1=" " ind2=" ">
    <subfield code="a">MiFliG</subfield>
    <subfield code="b">eng</subfield>
    <subfield code="c">MiFliG</subfield>
  </datafield>
  <datafield tag="100" ind1="1" ind2=" ">
    <subfield code="a">Pollock, C.</subfield>
    <subfield code="q">(Charles)</subfield>
  </datafield>
  <datafield tag="667" ind1=" " ind2=" ">
    <subfield code="a">Do not confuse with Pollock, C. (n94030195)</subfield>
  </datafield>
  <datafield tag="670" ind1=" " ind2=" ">
    <subfield code="a">The effect of some operating variables in vertical spindle abrasive machining of mild steel, 1966:</subfield>
    <subfield code="b">cover (C. Pollock, Norton Company, Worcester, Mass., Mem. ASME)</subfield>
  </datafield>
  <datafield tag="670" ind1=" " ind2=" ">
    <subfield code="a">Abrasiveengineering.com website, viewed Sept. 2, 2009</subfield>
    <subfield code="b">How to get the best results from your surface grinding operations (Charles Pollock, Technical editor, Norton Company)</subfield>
  </datafield>
</record>